@inproceedings{Dasgupta2016,
    title = {{A cost function for similarity-based hierarchical clustering}},
    year = {2015},
    booktitle = {Proceedings of the 48th Annual ACM SIGACT Symposium on Theory of Computing - STOC 2016},
    author = {Dasgupta, Sanjoy},
    pages = {118--127},
    publisher = {ACM Press},
    url = {http://arxiv.org/abs/1510.05043},
    address = {New York, New York, USA},
    isbn = {9781450341325},
    doi = {10.1145/2897518.2897527},
    issn = {07378017},
    arxivId = {1510.05043},
    keywords = {Hierarchical clustering, approximation algorithm}
}

@inproceedings{Williams2000,
    title = {{A MCMC approach to hierarchical mixture modelling}},
    year = {2000},
    booktitle = {Advances in Neural Information Processing Systems},
    author = {Williams, C},
    pages = {680--686},
    volume = {12},
    url = {http://citeseerx.ist.psu.edu/viewdoc/download?doi=10.1.1.69.8547&rep=rep1&type=pdf},
    isbn = {0-262-19450-3},
    issn = {1469-7017 {\%}[ March 19, 2008}
}

@inproceedings{Joachims1997,
    title = {{A Probabilistic Analysis of the Rocchio Algorithm with TFIDF for Text Categorization}},
    year = {1997},
    booktitle = {Proceedings of the Fourteenth International Conference on Machine Learning},
    author = {Joachims, Thorsten},
    pages = {143--151},
    series = {ICML '97},
    isbn = {1-55860-486-3}
}

@inproceedings{Eriksson2011,
    title = {{Active Clustering: Robust and Efficient Hierarchical Clustering using Adaptively Selected Similarities}},
    year = {2011},
    booktitle = {Proceedings of the 14th International Conference on Artificial Intelligence and Statistics (AISTATS)},
    author = {Eriksson, Brian and Dasarathy, Gautam and Singh, Aarti and Nowak, Robert},
    pages = {1--19},
    volume = {15},
    url = {http://arxiv.org/abs/1102.3887},
    doi = {10.1109/TNN.2009.2027017},
    issn = {1941-0093},
    pmid = {19717358},
    arxivId = {1102.3887}
}

@article{Biswas2014,
    title = {{Active image clustering with pairwise constraints from humans}},
    year = {2014},
    journal = {International Journal of Computer Vision},
    author = {Biswas, Arijit and Jacobs, David},
    number = {1-2},
    month = {5},
    pages = {133--147},
    volume = {108},
    url = {https://doi.org/10.1007/s11263-013-0680-6},
    isbn = {9781467312264},
    doi = {10.1007/s11263-013-0680-6},
    issn = {15731405},
    keywords = {Active learning, Clustering, Human in the loop, Image labeling, Pairwise constraints}
}

@inproceedings{Zoller2000,
    title = {{Active learning for hierarchical pairwise data clustering}},
    year = {2000},
    booktitle = {Proceedings of the 15th International Conference on Pattern Recognition},
    author = {Zoller, T and Buhmann, J M}
}

@article{Basu2004,
    title = {{Active Semi-Supervision for Pairwise Constrained Clustering}},
    year = {2004},
    journal = {Proceedings of the 2004 SIAM International Conference on Data Mining},
    author = {Basu, Sugato and Banerjee, Arindam and Mooney, Raymond J.},
    pages = {333--344},
    url = {http://epubs.siam.org/doi/abs/10.1137/1.9781611972740.31},
    isbn = {0-89871-568-7},
    doi = {10.1137/1.9781611972740.31}
}

@inproceedings{Tamuz2011,
    title = {{Adaptively Learning the Crowd Kernel}},
    year = {2011},
    booktitle = {Proceedings of the 28th International Conference on Machine Learning},
    author = {Tamuz, Omer and Liu, Ce and Belongie, Serge and Shamir, Ohad and Kalai, Adam Tauman},
    month = {5},
    url = {http://arxiv.org/abs/1105.1033},
    isbn = {9781605582054},
    doi = {10.1145/1390156.1390207},
    arxivId = {1105.1033}
}

@inproceedings{Wagstaff2008,
    title = {{An efficient k-means clustering algorithms: Analysis and implementation}},
    year = {2002},
    booktitle = {IEEE Transactions on Pattern Analysis and Machine Intelligence},
    author = {Kanungo, Tapas and Mount, David M. and Netanyahu, Nathan S. and Piatko, Christine D. and Silverman, Ruth and Wu, Angela Y.},
    number = {7},
    pages = {881--892},
    volume = {24},
    url = {papers3://publication/uuid/83B55329-AFBB-497B-9ACD-E0C51A97295F},
    isbn = {978-1-4673-0892-2},
    doi = {10.1109/TPAMI.2002.1017616},
    issn = {01628828},
    pmid = {19784854},
    arxivId = {arXiv:0711.0189v1},
    keywords = {Computational geometry, Data mining, Knowledge discovery, Machine learning, Nearest-neighbor searching, Pattern recognition, k-d tree, k-means clustering}
}

@article{Hastie2009,
    title = {{Association of HLA-DR5 with mucocutaneous lesions in patients with rheumatoid arthritis receiving gold sodium thiomalate}},
    year = {1994},
    journal = {Journal of Rheumatology},
    author = {Rodriguez-Perez, M. and Gonzalez-Dominguez, J. and Mataran, L. and Garcia-Perez, S. and Salvatierra, D.},
    number = {1},
    pages = {41--43},
    volume = {21},
    url = {http://www.springerlink.com/index/10.1007/b94608},
    isbn = {978-0-387-84857-0},
    doi = {10.1007/b94608},
    issn = {0315162X},
    pmid = {8151585},
    arxivId = {1010.3003},
    keywords = {HLA antigens, gold toxicity, rheumatoid arthritis}
}

@inproceedings{Heller2005,
    title = {{Bayesian hierarchical clustering}},
    year = {2005},
    booktitle = {Proceedings of the 22nd international conference on Machine learning  - ICML '05},
    author = {Heller, Katherine A. and Ghahramani, Zoubin},
    pages = {297--304},
    url = {http://portal.acm.org/citation.cfm?doid=1102351.1102389},
    isbn = {1595931805},
    doi = {10.1145/1102351.1102389},
    issn = {1595931805}
}

@article{Wagstaff2000,
    title = {{Clustering with Instance-level Constraints}},
    year = {2000},
    journal = {Proceedings of the Seventeenth International Conference on Machine Learning},
    author = {Wagstaff, Kiri and Cardie, Claire},
    pages = {1103--1110},
    url = {http://www.aaai.org/Papers/AAAI/2000/AAAI00-180.pdf},
    isbn = {1558607072},
    doi = {10.1109/CCECE.1993.332311},
    issn = {01979183},
    pmid = {1284},
    arxivId = {arXiv:astro-ph/0005074v1},
    archivePrefix = {arXiv},
    eprint = {0005074v1},
    primaryClass = {astro-ph}
}

@inproceedings{Wagstaff2001,
    title = {{Constrained k-means clustering with background knowledge}},
    year = {2001},
    booktitle = {Proceedings of the 18th International Conference on Machine Learning},
    author = {Wagstaff, K and Cardie, C and Rogers, S and Schroedl, S}
}

@article{Bansal2004,
    title = {{Correlation Clustering}},
    year = {2004},
    journal = {Machine Learning},
    author = {Bansal, Nikhil and Blum, Avrim and Chawla, Shuchi},
    number = {1-3},
    pages = {89--113},
    volume = {56},
    url = {http://link.springer.com/10.1023/B:MACH.0000033116.57574.95},
    isbn = {9781450329569},
    doi = {10.1023/B:MACH.0000033116.57574.95},
    issn = {08856125},
    pmid = {19734153},
    arxivId = {1312.5105},
    keywords = {Approximation algorithm, Clustering, Document classification}
}

@article{Neal2003,
    title = {{Development of common cold symptoms following experimental rhinovirus infection is related to prior stressful life events}},
    year = {1992},
    journal = {Behavioral Medicine},
    author = {Stone, Arthur A. and Bovbjerg, Dana H. and Neale, John M. and Napoli, Anthony and Valdimarsdottir, Heiddis and Cox, Donald and Hayden, Frederick G. and Gwaltney, Jack M.},
    number = {3},
    pages = {115--120},
    volume = {18},
    url = {http://people.ee.duke.edu/~lcarin/Ivo10.26.07.pdf},
    isbn = {0896-4289 (Print)},
    doi = {10.1080/08964289.1992.9936961},
    issn = {19404026},
    pmid = {1330102},
    keywords = {Common cold, Infection, Life events, Stress, Viral exposure}
}

@inproceedings{Krishnamurthy2012,
    title = {{Efficient active algorithms for hierarchical clustering}},
    year = {2012},
    booktitle = {Proceedings of the 29th International Conference on Machine Learning},
    author = {Krishnamurthy, A and Balakrishnan, S and Xu, M and Singh, A}
}

@article{Bryant1995,
    title = {{Extension operations on sets of leaf-labeled trees}},
    year = {1995},
    journal = {Advances in Applied Mathematics},
    author = {Bryant, David and Steel, Mike},
    number = {4},
    pages = {425--453},
    volume = {16},
    url = {http://www.sciencedirect.com/science/article/pii/S0196885885710202},
    doi = {10.1006/aama.1995.1020},
    issn = {10902074}
}

@article{McCullagh2008,
    title = {{Gibbs fragmentation trees}},
    year = {2008},
    journal = {Bernoulli},
    author = {McCullagh, Peter and Pitman, Jim and Winkel, Matthias},
    number = {4},
    month = {11},
    pages = {988--1002},
    volume = {14},
    url = {http://projecteuclid.org/euclid.bj/1225980568},
    doi = {10.3150/08-BEJ134},
    issn = {1350-7265},
    arxivId = {arXiv:0704.0945v2}
}

@article{Aho1981,
    title = {{Inferring a Tree from Lowest Common Ancestors with an Application to the Optimization of Relational Expressions}},
    year = {1981},
    journal = {SIAM Journal on Computing},
    author = {Aho, A. V. and Sagiv, Y. and Szymanski, T. G. and Ullman, J. D.},
    number = {3},
    month = {8},
    pages = {405--421},
    volume = {10},
    publisher = {Society for Industrial and Applied Mathematics},
    url = {http://epubs.siam.org/doi/10.1137/0210030},
    doi = {10.1137/0210030},
    issn = {0097-5397},
    keywords = {join minimization, lowest common ancestors, query optimization, relational algebra, relational databases, tableaux, tree algorithms},
    language = {en}
}

@book{Felsenstein2004,
    title = {{Inferring Phylogenies.}},
    year = {2004},
    booktitle = {The American Journal of Human Genetics},
    author = {Wooding, Stephen},
    number = {5},
    pages = {1074},
    volume = {74},
    url = {http://linkinghub.elsevier.com/retrieve/pii/S0002929707643729},
    isbn = {0878931775},
    doi = {10.1086/383584},
    issn = {00029297},
    pmid = {8743697}
}

@inproceedings{Awasthi2013,
    title = {{Local algorithms for interactive clustering}},
    year = {2013},
    booktitle = {Proceedings of the 31st International Conference on International Conference on Machine Learning - Volume 32},
    author = {Awasthi, Pranjal and Balcan, Maria-Florina and Voevodski, Konstantin},
    pages = {II-550--II-558},
    series = {ICML'14},
    publisher = {JMLR.org},
    url = {http://arxiv.org/abs/1312.6724},
    isbn = {9781634393973},
    doi = {10.1016/j.apsusc.2011.07.079},
    issn = {01694332},
    arxivId = {1312.6724}
}

@book{Borg1997,
    title = {{Modern Multidimensional Scaling: Theory and Applications}},
    year = {1999},
    booktitle = {Journal of the American Statistical Association},
    author = {O'Connell, Ann A. and Borg, Ingwer and Groenen, Patrick},
    number = {445},
    pages = {338},
    volume = {94},
    publisher = {Springer},
    url = {http://www.jstor.org/stable/2669710?origin=crossref},
    isbn = {978-0-387-28981-6},
    doi = {10.2307/2669710},
    issn = {01621459},
    pmid = {15772297},
    arxivId = {arXiv:1011.1669v3}
}

@inproceedings{Aldous1995,
    title = {{Probability Distributions on Cladograms}},
    year = {1996},
    booktitle = {Random Discrete Structures},
    author = {Aldous, David J},
    editor = {Aldous, D and Pemantle, R},
    pages = {1--18},
    volume = {143},
    url = {papers3://publication/uuid/A2B25ECD-1FBE-44EC-8DE5-C24B02D719CA},
    isbn = {978-1-4612-6881-9, 978-1-4612-0719-1},
    doi = {10.1007/978-1-4612-0719-1{\_}1}
}

@article{Kulis2009,
    title = {{Semi-supervised graph clustering: A kernel approach}},
    year = {2009},
    journal = {Machine Learning},
    author = {Kulis, Brian and Basu, Sugato and Dhillon, Inderjit and Mooney, Raymond},
    number = {1},
    month = {1},
    pages = {1--22},
    volume = {74},
    url = {http://link.springer.com/10.1007/s10994-008-5084-4},
    isbn = {1595931805},
    doi = {10.1007/s10994-008-5084-4},
    issn = {08856125},
    keywords = {Graph clustering, Kernel k-means, Semi-supervised clustering, Spectral learning}
}

@inproceedings{Awasthi2010,
    title = {{Supervised clustering}},
    year = {2010},
    booktitle = {Advances in Neural Information Processing Systems},
    author = {Awasthi, P and Zadeh, R B}
}

@article{Hinchliff2015,
    title = {{Synthesis of phylogeny and taxonomy into a comprehensive tree of life}},
    year = {2015},
    journal = {Proceedings of the National Academy of Sciences},
    author = {Hinchliff, Cody E. and Smith, Stephen A. and Allman, James F. and Burleigh, J. Gordon and Chaudhary, Ruchi and Coghill, Lyndon M. and Crandall, Keith A. and Deng, Jiabin and Drew, Bryan T. and Gazis, Romina and Gude, Karl and Hibbett, David S. and Katz, Laura A. and Laughinghouse, H. Dail and McTavish, Emily Jane and Midford, Peter E. and Owen, Christopher L. and Ree, Richard H. and Rees, Jonathan A. and Soltis, Douglas E. and Williams, Tiffani and Cranston, Karen A.},
    number = {41},
    month = {9},
    pages = {12764--12769},
    volume = {112},
    url = {http://www.pnas.org/lookup/doi/10.1073/pnas.1423041112},
    isbn = {1091-6490 (Electronic){\textbackslash}r0027-8424 (Linking)},
    doi = {10.1073/pnas.1423041112},
    issn = {0027-8424},
    pmid = {26385966},
    arxivId = {1503.03877}
}

@misc{Lichman2013,
    title = {{{\{}UCI{\}} Machine Learning Repository}},
    year = {2013},
    author = {Lichman, M},
    url = {http://archive.ics.uci.edu/ml},
    institution = {University of California, Irvine, School of Information and Computer Sciences}
}